<record xmlns="http://www.loc.gov/MARC21/slim" xmlns:xsi="http://www.w3.org/2001/XMLSchema-instance" xsi:schemaLocation="http://www.loc.gov/MARC21/slim http://www.loc.gov/standards/marcxml/schema/MARC21slim.xsd"><leader>     nam a22        4500</leader><controlfield tag="001">001677366</controlfield><controlfield tag="003">NNU</controlfield><controlfield tag="006">m        d        </controlfield><controlfield tag="007">cr cn |||m|||a</controlfield><controlfield tag="008">150313s1954    le      o     000 0 ara d</controlfield><datafield ind1=" " ind2=" " tag="040"><subfield code="a">NNU</subfield><subfield code="b">eng</subfield><subfield code="c">NNU</subfield></datafield><datafield ind1="1" ind2=" " tag="100"><subfield code="a">Sayyid al-Ahl, &#699;Abd al-&#699;Az&#299;z.</subfield></datafield><datafield ind1="1" ind2="0" tag="245"><subfield code="a">Ja&#699;far ibn Mu&#7717;ammad al-Im&#257;m al-&#7778;&#257;diq &#699;alayhi al-sal&#257;m</subfield><subfield code="h">[electronic resource] /</subfield><subfield code="c">&#699;Abd al-&#699;Az&#299;z Sayyid al-Ahl.</subfield></datafield><datafield ind1=" " ind2=" " tag="250"><subfield code="a">al-&#7788;ab&#699;ah 1.</subfield></datafield><datafield ind1=" " ind2=" " tag="260"><subfield code="a">Bayr&#363;t :</subfield><subfield code="b">D&#257;r al-Sharq al-Jad&#299;d,</subfield><subfield code="c">1954.</subfield></datafield><datafield ind1=" " ind2=" " tag="500"><subfield code="a">Part of the Arabic Collections Online (ACO) project, contributed by New York Univeristy Libraries.</subfield></datafield><datafield ind1=" " ind2=" " tag="533"><subfield code="a">Electronic reproduction.</subfield><subfield code="b">New York, N.Y. :</subfield><subfield code="c">New York University,</subfield><subfield code="d">2015.</subfield><subfield code="5">NNU</subfield></datafield><datafield ind1="0" ind2="0" tag="600"><subfield code="a">Ja&#699;far al-&#7778;&#257;diq,</subfield><subfield code="d">702?-765 or 6.</subfield></datafield><datafield ind1="2" ind2=" " tag="710"><subfield code="a">New York University.</subfield><subfield code="b">Libraries.</subfield></datafield><datafield ind1="0" ind2=" " tag="730"><subfield code="a">Arabic Collections Online.</subfield></datafield><datafield ind1="0" ind2="8" tag="776"><subfield code="i">Print version:</subfield><subfield code="a">Sayyid al-Ahl, &#699;Abd al-&#699;Az&#299;z.</subfield><subfield code="t">Ja&#699;far ibn Mu&#7717;ammad al-Im&#257;m al-&#7778;&#257;diq &#699;alayhi al-sal&#257;m</subfield><subfield code="w">(NNU)001677366</subfield></datafield><datafield ind1="4" ind2="0" tag="856"><subfield code="u">http://hdl.handle.net/2333.1/rn8pk345</subfield></datafield><datafield ind1=" " ind2=" " tag="959"><subfield code="a">NNU</subfield><subfield code="b">WEB</subfield><subfield code="c">GENI</subfield><subfield code="t">0</subfield><subfield code="m">Electronic access</subfield><subfield code="s">01</subfield></datafield><datafield ind1=" " ind2=" " tag="999"><subfield code="i">NNU_001677366</subfield><subfield code="s">nyu_aco000633</subfield><subfield code="e">(ERROR-880)</subfield></datafield></record>